@mastersthesis{praca12,
   author={Elaine Augusto Praça},
   title={HANDPROV: Um modelo de autenticação de usuários móveis baseado em informações de contexto},
   address={Maringá},
   school={Universidade Estadual de Maringá,
           Departamento de Informática,
           Programa de Pós-Graduação em Ciência da Computação},
   year=2012
}

@phdthesis{vanni09,
  title={Integração de serviços em ambientes heterogêneos: uso de semântica para comunicação entre entidades em mudanças de contexto},
  author={Vanni, Renata Maria Porto},
  year={2009},
  school={USP, São Carlos}
}

@book{tanenbaum2011computer,
  title={Computer Networks},
  author={Tanenbaum, A.S. and Wetherall, D.},
  edition=5,
  year=2011,
  publisher={Pearson Prentice Hall}
}

@book{nbr27001,
	author = "Associação Brasileira de Normas Técnicas - ABNT",
	title = "NBR ISO/IEC 27001 - Tecnologia da informação - Técnicas de segurança - Sistemas de gestão de segurança da informação - Requisitos",
	address = "Rio de Janeiro",
	publisher = "ABNT",
	year = 2006
}

@phdthesis{fielding2000architectural,
  title={Architectural styles and the design of network-based software architectures},
  author={Fielding, Roy Thomas},
  year={2000},
  school={University of California, Irvine}
}

@internet{Cert2016,
	author={Cert.br/NIC.br},
	title={Contas e senhas},
	url={cartilha.cert.br/senhas/},
	day=27,
	month=jan,
	year=2016
}

@internet{rfc2289,
	author={N. Haller and C. Metz and P. Nesser and M. Straw},
	title={RFC 2289 - A One-Time Password System},
	url={tools.ietf.org/html/rfc2289},
	month = feb,
  year = 1998,
  bibdate ="Jan 28 2016"
}

@article{Daugman2004,
   author={John Daugman}, 
   title={How Iris Recognition Works},
   year=2004,
   pages={1},
   url={cl.cam.ac.uk/~jgd1000/irisrecog.pdf},
   address={U.K},
   publisher={University of Cambridge}
}

@internet{priscila2007,
	author={Priscila Pecchio Belmont Albuquerque},
	title={Biometria - Reconhecimento de Iris},
	note={Disponível em: <\url{gta.ufrj.br/grad/07_2/priscila/4.1.Vantagens.html}>},
  year = 2007,
  bibdate ="Jan 29 2016"
}

@internet{teleco09,
	author={Inteligência em Telecomunicações Teleco},
	title={LTE (Long Term Evolution): A Evolução das Redes 3G},
	url={teleco.com.br/tutoriais/tutoriallte/},
  year = 2009,
  bibdate ="Jan 20 2016"
}

@internet{4gamericas,
	author={4gamericas},
	title={Evolução Tecnológica da 3GPP},
	url={4gamericas.org/pt-br/resources/technology-education/3gpp-technology-evolution},
  bibdate ="Jan 20 2016",
  year=2014
}

@internet{aboutandroid,
	author={Google},
	title={The Android Source Code},
	url={source.android.com/source/index.html},
  bibdate ="Jan 20 2016",
  year=2016
}

@internet{aboutios,
	author={Apple},
	title={Hardware and software made for each other},
	url={apple.com/ios/what-is/},
  bibdate ="Jan 20 2016",
  year=2016
}

@internet{aboutwindows,
	author={Microsoft},
	title={In Short},
	url={windowscentral.com/windows-10-mobile},
  bibdate ="Jan 20 2016",
  year=2016
}

@internet{gartner,
	author={Janessa Rivera and Rob Van Der Meulen},
	title={Gartner Says Worldwide Smartphone Sales Recorded Slowest Growth Rate Since 2013},
	url={gartner.com/newsroom/id/3115517},
  bibdate ="Jan 20 2016",
  year=2015
}

@internet{nodejs,
	author={Node.js},
	title={About Node.js},
	url={nodejs.org/en/about/},
  bibdate ="Jan 22 2016",
 	year=2016
}

@internet{mongodb,
	author={MongoDB},
	title={What is MongDB},
	url={mongodb.com/what-is-mongodb},
  bibdate ="Jan 22 2016",
 	year=2016
}

@internet{cordova,
	author={Cordova},
	title={Basic Components},
	url={cordova.apache.org/docs/en/latest/guide/overview/index.html},
  bibdate ="Jan 29 2016",
  year=2016
}

@internet{jasmine,
  author={Pivotal},
  title={A JavaScript Testing Framework},
  url={github.com/jasmine/jasmine},
  bibdate ="Feb 09 2016",
  year=2016
}

@internet{githut,
  author={Carlo Zapponi},
  title={A small place to discover languages in GitHub},
  url={githut.info/},
  bibdate ="JAN 25 2016",
  year=2016
}

@internet{authenticator,
  author={Google},
  title={Google Authenticator},
  note={Disponível em: <\url{play.google.com/store/apps/details?id=com.google.android.apps.authenticator2&hl=en}>},
  bibdate ="JAN 24 2016",
  year=2016
}

@internet{ebay,
  author={Ebay},
  title={Leitor de impressão digital biométrico},
  url={migre.me/sYHcU},
  bibdate ="JAN 24 2016",
  year=2016
}

@internet{angulardb,
  author={AngularJS},
  title={Data Binding},
  url={docs.angularjs.org/guide/databinding},
  bibdate ="JAN 24 2016",
  year=2016
}

@internet{githublatex,
  author={João Carlos Nunes Bittencourt and Anderson Marques Ferraz},
  title={Modelo de Trabalho de Conclusão do Curso de Engenharia de Computação da Universidade Estadual de Feira de Santana, baseado nas normas NBR ABNT, com as devidas adaptações.},
  url={github.com/uefs/ecomp-uefs-tcc-latex},
  year=2016
}